% Encoding: UTF-8
@ARTICLE{Doll1954,
  author = {Doll, Richard and Hill, A Bradford},
  title = {The mortality of doctors in relation to their smoking habits: a preliminary
	report},
  journal = {British Medical Journal},
  year = {1954},
  volume = {328},
  pages = {1529-1533},
  number = {7455},
  owner = {jbuy519},
  timestamp = {2014.03.28}
}

@BOOK{Moore2002,
  title = {Introduction to the Practice of Statistics},
  publisher = {W. H. Freeman},
  year = {2002},
  author = {Moore, David and McCabe, George},
  owner = {jbuy519},
  timestamp = {2014.01.28}
}

@BOOK{Smits2011,
  title = {Onderzoek met SPSS en Excel},
  publisher = {Pearson Education},
  year = {2011},
  author = {Smits, Johan and Edens, Ronald},
  owner = {jbuy519},
  timestamp = {2014.01.23}
}

@Book{goertzel2007artificial,
  author    = {Goertzel, Ben and Pennachin, Cassio},
  date      = {2007},
  title     = {Artificial general intelligence},
  publisher = {Springer},
  volume    = {2},
  year      = {2007},
}

@Article{brynjolfsson2017artificial,
  author  = {Brynjolfsson, Erik and Mcafee, Andrew},
  title   = {Artificial intelligence, for real},
  pages   = {1--31},
  volume  = {1},
  journal = {Harvard business review},
  year    = {2017},
}

@Article{kaplan2019siri,
  author    = {Kaplan, Andreas and Haenlein, Michael},
  title     = {Siri, Siri, in my hand: Who’s the fairest in the land? On the interpretations, illustrations, and implications of artificial intelligence},
  number    = {1},
  pages     = {15--25},
  volume    = {62},
  journal   = {Business Horizons},
  publisher = {Elsevier},
  year      = {2019},
}

@Article{benbya2020artificial,
  author  = {Benbya, Hind and Davenport, Thomas H and Pachidi, Stella},
  title   = {Artificial intelligence in organizations: Current state and future opportunities},
  number  = {4},
  volume  = {19},
  journal = {MIS Quarterly Executive},
  year    = {2020},
}

@Article{shevlin2019limits,
  author  = {Shevlin, Henry and Vold, Karina and Crosby, Matthew and Halina, Marta},
  title   = {The limits of machine intelligence: Despite progress in machine intelligence, artificial general intelligence is still a major challenge},
  number  = {10},
  pages   = {e49177},
  volume  = {20},
  journal = {EMBO reports},
  year    = {2019},
}

@Article{lund2023chatting,
  author    = {Lund, Brady D and Wang, Ting},
  title     = {Chatting about ChatGPT: how may AI and GPT impact academia and libraries?},
  journal   = {Library Hi Tech News},
  publisher = {Emerald Publishing Limited},
  year      = {2023},
}

@Article{huang2017imitating,
  author    = {Huang, Tie-Jun},
  title     = {Imitating the brain with neurocomputer a “new” way towards artificial general intelligence},
  number    = {5},
  pages     = {520--531},
  volume    = {14},
  journal   = {International Journal of Automation and Computing},
  publisher = {Springer},
  year      = {2017},
}

@Article{li2021survey,
  author    = {Li, Zewen and Liu, Fan and Yang, Wenjie and Peng, Shouheng and Zhou, Jun},
  title     = {A survey of convolutional neural networks: analysis, applications, and prospects},
  journal   = {IEEE transactions on neural networks and learning systems},
  publisher = {IEEE},
  year      = {2021},
}

@Article{medsker2001recurrent,
  author  = {Medsker, Larry R and Jain, LC},
  title   = {Recurrent neural networks},
  pages   = {64--67},
  volume  = {5},
  journal = {Design and Applications},
  year    = {2001},
}

@Article{schmidt2019recurrent,
  author  = {Schmidt, Robin M},
  title   = {Recurrent neural networks (rnns): A gentle introduction and overview},
  journal = {arXiv preprint arXiv:1912.05911},
  year    = {2019},
}

@Article{biamonte2017quantum,
  author    = {Biamonte, Jacob and Wittek, Peter and Pancotti, Nicola and Rebentrost, Patrick and Wiebe, Nathan and Lloyd, Seth},
  title     = {Quantum machine learning},
  number    = {7671},
  pages     = {195--202},
  volume    = {549},
  journal   = {Nature},
  publisher = {Nature Publishing Group UK London},
  year      = {2017},
}

@Article{yan2015deep,
  author  = {Yan, Le Cun and Yoshua, B and Geoffrey, H},
  title   = {Deep learning},
  number  = {7553},
  pages   = {436--444},
  volume  = {521},
  journal = {nature},
  year    = {2015},
}

@Article{mahmud2021deep,
  author  = {Mahmud, Bahar Uddin and Sharmin, Afsana},
  title   = {Deep insights of deepfake technology: A review},
  journal = {arXiv preprint arXiv:2105.00192},
  year    = {2021},
}

@Article{wang2020recognition,
  author    = {Wang, Zhiyong and Chen, Longxi and Wang, Lifeng and Diao, Guangqiang},
  title     = {Recognition of audio depression based on convolutional neural network and generative antagonism network model},
  pages     = {101181--101191},
  volume    = {8},
  journal   = {IEEE Access},
  publisher = {IEEE},
  year      = {2020},
}

@Article{laino2022generative,
  author    = {Laino, Maria Elena and Cancian, Pierandrea and Politi, Letterio Salvatore and Della Porta, Matteo Giovanni and Saba, Luca and Savevski, Victor},
  title     = {Generative adversarial networks in brain imaging: A narrative review},
  number    = {4},
  pages     = {83},
  volume    = {8},
  journal   = {Journal of Imaging},
  publisher = {MDPI},
  year      = {2022},
}

@Comment{jabref-meta: databaseType:biblatex;}
